@misc{website:cosmos-indirekt,
      author = {{}},
      title = {Eulersche Winkel},
      month = {Juli},
      year = {2022},
      url = {https://physik.cosmos-indirekt.de/Physik-Schule/Eulersche_Winkel}
}

@misc{website:cosmos-indirekt-grafik,
      author = {{}},
      title = {Konvention Eulerwinkel Grafik URL},
      month = {Juli},
      year = {2022},
      url = {https://physik.cosmos-indirekt.de/Physik-Schule/Datei:Plane.svg}
}

@misc{youtube:motion_model,
      author = {Cyrill Stachness and Nived Chebrolu},
      title = {Motion Models},
      month = {Juli},
      year = {2020},
      url = {https://www.youtube.com/watch?v=IVTV7vJgIkU&list=PLgnQpQtFTOGSeTU35ojkOdsscnenP2Cqx&index=7&t=1599s}
}

@misc{youtube:observation_model,
      author = {Cyrill Stachness},
      title = {Observation Models},
      month = {Juli},
      year = {2020},
      url = {https://www.youtube.com/watch?v=SfwxLpdFB-o&list=PLgnQpQtFTOGSeTU35ojkOdsscnenP2Cqx&index=8&t=1596s}
}

@misc{youtube:pf_mcl,
      author = {Cyrill Stachness},
      title = {Particle Filter and Monte Carlo Localization},
      month = {Juli},
      year = {2020},
      url = {https://www.youtube.com/watch?v=MsYlueVDLI0&list=PLgnQpQtFTOGSeTU35ojkOdsscnenP2Cqx&index=14&t=2277s}
}

@misc{Monte-Carlo-Localization,
    title = {Monte Carlo Localization: Efficient Position Estimation for Mobile Robots},
    author = {Dieter Fox and Wolfram Burgard and Frank Dellaert and Sebastian Thrun},
    institution = {School of Computer Science Carnergie Mellon University and Computer Science Department III Univerity of Bonn},
    address = {Pittsburg, PA and Bonn, Germany},
    year = {1999}
}

@misc{3DsurfelGridMaps,
    title = {Efficient Mobile Robot Navigation using 3D Surfel Grid Maps},
    author = {Jochen Kläß and Jörg Stückler and Sven Behnke},
    institution = {Autonomous Intelligent Systems, University of Bonn},
    address = {Bonn, Germany},
    year = {2012}
}

@misc{dreidimensionale_indoor_lokalisierung,
    title = {Multi-sensor three-dimensional Monte Carlo localization for long-term aerial robot navigation},
    author = {Francisco J Perez-Grau and Fernando Caballero and Antidio Viguria and Anibal Ollero},
    publisher = {International Journal of Advanced Roboti Systems},
    instituion = {CATEC, Department of System Engineering and Automation},
    address = {Sevilla, Spain},
    year = {2017}
}


@misc{LBBA,
    title = {Mobile Robot Localization Based on the Novel Leader-Based Bat Algorithm},
    author = {Wolma A. Neto and Milena F. Pinto and André L. M. Marcato and Ivo C. da Silva Jr. and Daniel de A. Fernandes},
    publisher = {Springer},
    instituion = {Federal University of Juiz de Fora},
    address = {Juiz de Fora, Brazil},
    year = {2019}
}

@misc{BA,
    title = {Bat algorithm: a novel approach for global engineering optimization},
    author = {Xin-She Yang and Amir Hossein Gandomi},
    publisher = {Emerald Group},
    instituion = {National Physical Laboratory, UK and Tafresh University, Iran},
    address = {Teddington, UK and Tafresh, Iran},
    year = {2011}
}

@misc{vehicleLocalizationUrban,
    title = {Synthetic 2D LIDAR for Precise Vehicle Localization in 3D Urban Environment},
    author = {Z. J. Chong and B. Qin and T. Bandyopadhyay and M. H. Ang Jr. and E. Frazzoli and D. Rus},
    publisher = {IEEE},
    instituion = {National University  of Singapore, Singapore-MIT Alliance for Research and Technology, Massachusetts Institute of Technology (Cambridge)},
    address = {Kent Ridge, Singapore and Cambridge, USA},
    year = {2013}
}